% This file was created with JabRef 2.10b2.
% Encoding: UTF-8

@Misc{ModeloGestaoCOP,
  Title                    = {Modelo de Gestão Integrada do COP-BH},
  Author                   = {Centro Integrado de Operações de Belo Horizonte - COP-BH},
  Year                     = {2019},
  Timestamp                = {2019.05.02}
}

@Misc{CartaCidades,
  Title                    = {Carta Brasileira para Cidades Inteligentes},
  Author                   = {Ministério do Desenvolvimento Regional - MDR},
  Year                     = {2020},
  Timestamp                = {2020.12.07},
  Url                      = {https://www.gov.br/cidades/pt-br/acesso-a-informacao/acoes-e-programas/desenvolvimento-urbano-e-metropolitano/projeto-andus/carta-brasileira-para-cidades-inteligentes},
  Urlaccessdate            = {30 de abril de 2025}
}

@Misc{Qgis,
  Title                    = {Quantum Geographic Information System - QGIS},
  Author                   = {Foundation, QGIS},
  Year                     = {2002},
  Url                      = {http://qgis.org}
}

@Article{Wilkinson2009,
  Title                    = {The History of the Cluster Heat Map},
  Author                   = {Leland {Wilkinson} and Michael {Friendly}},
  Journal                  = {The American Statistician},
  Year                     = {2009},
  Pages                    = {179-18},
  Volume                   = {63},
  Mounth                   = {05},
  url                      = {https://www.researchgate.net/publication/227368971_The_History_of_the_Cluster_Heat_Map},
  doi                      = {10.1080/tas.2009.0033}
}

@Article{Robinson1950,
  Title                    = {Ecological Correlations and the Behavior of Individuals*},
  Author                   = {Robinson, W. S.},
  Journal                  = {International Journal of Epidemiology},
  Year                     = {2009},
  Volume                   = {38},
  Number                   = {2},
  Pages                    = {337-341},
  Month                    = {01},
  Issn                     = {0300-5771},
  doi                      = {10.1093/ije/dyn357},
  url                      = {https://doi.org/10.1093/ije/dyn357},
  eprint                   = {https://academic.oup.com/ije/article-pdf/38/2/337/18480599/dyn357.pdf}
}

@Article{Weisburd2015,
  Title                    = {The law of crime concentration and the criminology of place},
  Author                   = {David {Weisburd}},
  journal                  = {Criminology},
  Year                     = {2015},
  Month                    = {05},
  Volume                   = {53},
  url                      = {https://www.researchgate.net/publication/276150162_The_law_of_crime_concentration_and_the_criminology_of_place},
  doi                      = {10.1111/1745-9125.12070}
}

@Artigo{Barr1990,
  Title                    = {Crime Placement, Displacement, and Deflection},
  Author                   = {Robert J. {Barr} and Ken {Pease}},
  Journal                  = {Miscellaneous},
  Year                     = {1990},
  Volume                   = {12},
  Pages                    = {277--318},
  doi                      = {10.1086/449167},
  url                      = {https://www.researchgate.net/publication/255483211_Crime_Placement_Displacement_and_Deflection_Recommended_Citation}
}

@Article{Grotenhuis2011,
  Title                    = {Robinson's Ecological Correlations and the Behavior of Individuals: methodological corrections},
  Author                   = {Grotenhuis, Manfred and Eisinga, Rob and Subramanian, S},
  Year                     = {2011},
  Month                    = {05},
  Pages                    = {1123-5},
  Volume                   = {40},
  Journal                  = {International journal of epidemiology},
  url                      = {https://www.researchgate.net/publication/51150611_Robinson's_Ecological_Correlations_and_the_Behavior_of_Individuals_methodological_corrections},
  doi                      = {10.1093/ije/dyr081}
}