

@article{articled436f40b,
title   = {CrimAnalyzer: understanding crime patterns in São Paulo},
author = {Zanabria, Germain Garcia and Silveira, Jaqueline Alvarenga and Poco, Jorge and Paiva, Afonso and Nery, Marcelo Batista and Silva, Claudio T and Adorno, Sérgio and Nonato, Luis Gustavo},
year = {2021},
doi = {10.1109/TVCG.2019.2947515},
journal   = {IEEE Transactions on Visualization and Computer Graphics}
}