

@misc{misc6198a2a4,
title   = {Econometria básica. [Revisão Técnica]},
author = {Gujarati, Damodar N and Diniz, Eliezer Martins},
year = {2000},
publisher = {Makron books}
}